<record><leader>00000cas a22000007a 4500</leader><controlfield tag="001">14472954</controlfield><controlfield tag="008">861022d19231965txudn ne      0    0eng d</controlfield><datafield ind1=" " ind2=" " tag="010"><subfield code="a">sn 86089705 </subfield></datafield><datafield ind1=" " ind2=" " tag="040"><subfield code="a">PPM</subfield><subfield code="b">eng</subfield><subfield code="c">PPM</subfield><subfield code="d">OCLCQ</subfield></datafield><datafield ind1=" " ind2=" " tag="042"><subfield code="a">msc</subfield></datafield><datafield ind1="0" ind2="0" tag="245"><subfield code="a">McKinney daily courier-gazette.</subfield></datafield><datafield ind1="1" ind2="7" tag="246"><subfield code="a">Daily courier-gazette</subfield></datafield><datafield ind1=" " ind2=" " tag="260"><subfield code="a">McKinney, Tex. :</subfield><subfield code="b">Tom W. Perkins and Walter B. Wilson</subfield></datafield><datafield ind1=" " ind2=" " tag="300"><subfield code="a">v. :</subfield><subfield code="b">ill. ;</subfield><subfield code="c">58 cm.</subfield></datafield><datafield ind1=" " ind2=" " tag="310"><subfield code="a">Daily (except Sat.)</subfield></datafield><datafield ind1="0" ind2=" " tag="362"><subfield code="a">Vol. 26, no. (May 23, 1923)-</subfield></datafield><datafield ind1="1" ind2=" " tag="362"><subfield code="a">Ceased in 1965.</subfield></datafield><datafield ind1=" " ind2=" " tag="500"><subfield code="a">Continues numbering of Daily courier-gazette (McKinney, Tex.).</subfield></datafield><datafield ind1=" " ind2=" " tag="752"><subfield code="a">United States</subfield><subfield code="b">Texas</subfield><subfield code="c">Collin</subfield><subfield code="d">Mckinney.</subfield></datafield><datafield ind1="0" ind2=" " tag="775"><subfield code="t">McKinney weekly Democrat-gazette</subfield><subfield code="w">(DLC)sn 86089757</subfield></datafield><datafield ind1="0" ind2="0" tag="780"><subfield code="t">Daily courier-gazette</subfield><subfield code="w">(DLC)sn 86089704</subfield></datafield><datafield ind1="0" ind2="0" tag="785"><subfield code="t">McKinney courier-gazette</subfield><subfield code="w">(DLC)sn 88083085</subfield></datafield></record>